@unpublished{pde_derivation,
    title = {Derivation of the Telegraph Equation},
    author = {Joel Feldman},
    note = "\url{https://www.math.ubc.ca/~feldman/apps/telegrph.pdf}"
}

@book{pde_solution,
    title = {Handbook of Linear Partial Differential Equations for Engineers and Scientists},
    author = {Andrei D. Polyanin},
    publisher = {Chapman and Hall/CRC},
    year = {2002}
}
